@inproceedings{yin2021contrastive,
  title={Contrastive Learning for Domain Transfer in Cross-Corpus Emotion Recognition},
  author={Yin, Yufeng and Lu, Liupei and Xiao, Yao and Xu, Zhi and Cai, Kaijie and Jiang, Haonan and Gratch, Jonathan and Soleymani, Mohammad},
  booktitle={2021 9th International Conference on Affective Computing and Intelligent Interaction (ACII)},
  pages={1--8},
  year={2021},
  organization={IEEE}
}